@article{lions2001parareal,
    title={A ``parareal'' in time discretization of PDE's},
    author={Lions, J and Maday, Yvon and Turinici, Gabriel},
    journal={Comptes Rendus de l'Academie des Sciences Series I Mathematics},
    volume={332},
    number={7},
    pages={661--668},
    year={2001},
    publisher={Elsevier}
}

@misc{pararealslides,
  title={Parareal Methods},
  author={Field, Scott},
  month={December},
  year={2009},
  howpublished={\url{http://www.cfm.brown.edu/people/jansh/page5/page10/page40/assets/Field_Talk.pdf}}
}

@incollection{bal2005convergence,
  title={On the convergence and the stability of the parareal algorithm to solve partial differential equations},
  author={Bal, Guillaume},
  booktitle={Domain decomposition methods in science and engineering},
  pages={425--432},
  year={2005},
  publisher={Springer}
}

@incollection{staff2005stability,
  title={Stability of the parareal algorithm},
  author={Staff, Gunnar Andreas and R{\o}nquist, Einar M},
  booktitle={Domain decomposition methods in science and engineering},
  pages={449--456},
  year={2005},
  publisher={Springer}
}

@misc{parallelscaling,
    title={Measuring Parallel Scaling Performance},
    howpublished={\url{https://www.sharcnet.ca/help/index.php/Measuring_Parallel_Scaling_Performance}},
    month={June},
    year={2013},
}
