@article{lions2001parareal,
    title={A''parareal''in time discretization of PDE's},
    author={Lions, J and Maday, Yvon and Turinici, Gabriel},
    journal={Comptes Rendus de l'Academie des Sciences Series I Mathematics},
    volume={332},
    number={7},
    pages={661--668},
    year={2001},
    publisher={Elsevier}
}

@misc{pararealslides,
  title={Parareal Methods},
  author={Field, Scott},
  month={December},
  year={2009},
  howpublished={\url{http://www.cfm.brown.edu/people/jansh/page5/page10/page40/assets/Field_Talk.pdf}}
}

